<?xml version="1.0" encoding="UTF-8" ?>
<collection xmlns:xsi="http://www.w3.org/2001/XMLSchema-instance"
    xsi:schemaLocation="http://www.loc.gov/MARC21/slim
        http://www.loc.gov/standards/marcxml/schema/MARC21slim.xsd"
    xmlns="http://www.loc.gov/MARC21/slim">
<record>
  <leader>00217cam a2200397 i 4500</leader>
  <controlfield tag="001">b12771065</controlfield>
  <controlfield tag="003">LeBAU</controlfield>
  <controlfield tag="005">20171023</controlfield>
  <controlfield tag="008">971118s1952    ua            ||0 0 ara d</controlfield>
  <datafield tag="035" ind1=" " ind2=" ">
    <subfield code="a">ocm79904123 </subfield>
  </datafield>
  <datafield tag="040" ind1=" " ind2=" ">
    <subfield code="a">LEAUB</subfield>
    <subfield code="b">ara</subfield>
    <subfield code="e">rda</subfield>
    <subfield code="c">LEAUB</subfield>
    <subfield code="d">LEAUB</subfield>
  </datafield>
  <datafield tag="082" ind1="0" ind2="4">
    <subfield code="a">956.9</subfield>
    <subfield code="2">22</subfield>
  </datafield>
  <datafield tag="100" ind1="1" ind2=" ">
    <subfield code="6">880-01</subfield>
    <subfield code="a">Qarʼalī, Būlus,</subfield>
    <subfield code="d">-1952,</subfield>
    <subfield code="e">author.</subfield>
  </datafield>
  <datafield tag="245" ind1="1" ind2="0">
    <subfield code="6">880-02</subfield>
    <subfield code="a">Lubnān wa-al-Dawlah al-ʻUthmānīyah fī ‘ahd Fakhr al-Dīn al-Maʻnī al-thānī, 1590-1935 /</subfield>
    <subfield code="c">bi-qalam al-Khūr usquf Būlus Qar‘alī, mudīr al-Majallah al-Baṭrīyarkīyah wa-muḥarriruhā.</subfield>
  </datafield>
  <datafield tag="264" ind1=" " ind2="1">
    <subfield code="6">880-03</subfield>
    <subfield code="a">Miṣr al-Jadīdah :</subfield>
    <subfield code="b">Maṭba‘at Miṣr al-Jadīdah,</subfield>
    <subfield code="c">1952.</subfield>
  </datafield>
  <datafield tag="300" ind1=" " ind2=" ">
    <subfield code="6">880-04</subfield>
    <subfield code="a">62 pages ;</subfield>
    <subfield code="c">24 cm</subfield>
  </datafield>
  <datafield tag="336" ind1=" " ind2=" ">
    <subfield code="a">text</subfield>
    <subfield code="b">txt</subfield>
    <subfield code="2">rdacontent</subfield>
  </datafield>
  <datafield tag="337" ind1=" " ind2=" ">
    <subfield code="a">unmediated</subfield>
    <subfield code="b">n</subfield>
    <subfield code="2">rdamedia</subfield>
  </datafield>
  <datafield tag="338" ind1=" " ind2=" ">
    <subfield code="a">volume</subfield>
    <subfield code="b">nc</subfield>
    <subfield code="2">rdacarrier</subfield>
  </datafield>
  <datafield tag="500" ind1=" " ind2=" ">
    <subfield code="a">في رأس العنوان: المجلة البطريركية، السنة الثالثة عشرة، الجزء الثالث.</subfield>
  </datafield>
  <datafield tag="600" ind1="0" ind2="4">
    <subfield code="a">فخر الدين</subfield>
    <subfield code="b">الثاني</subfield>
    <subfield code="c">امير لبنان،</subfield>
    <subfield code="d">1572-1635.</subfield>
  </datafield>
  <datafield tag="600" ind1="0" ind2="0">
    <subfield code="a">Fakhr al-Dīn</subfield>
    <subfield code="b">II,</subfield>
    <subfield code="c">Emir of Lebanon,</subfield>
    <subfield code="d">1572-1635.</subfield>
  </datafield>
  <datafield tag="651" ind1=" " ind2="4">
    <subfield code="a">لبنان</subfield>
    <subfield code="x">تاريخ</subfield>
    <subfield code="y">1516-1697.</subfield>
  </datafield>
  <datafield tag="651" ind1=" " ind2="0">
    <subfield code="a">Lebanon</subfield>
    <subfield code="x">History</subfield>
    <subfield code="y">1516-1697.</subfield>
  </datafield>
  <datafield tag="777" ind1="0" ind2=" ">
    <subfield code="6">880-05</subfield>
    <subfield code="i">has whole-part manifestation relationship with</subfield>
    <subfield code="4">http://rdaregistry.info/Elements/m/P30213:</subfield>
    <subfield code="t">al-Majallah al-Baṭriyarkīyah : majallah dīnīyah tārīkhīyah adabīyah.</subfield>
    <subfield code="d">Dimashq : Baṭriyarkīyat Anṭākiyah wa-Sāʾir al-Mashriq lil-Suryān al-Urthūdhuks, 1962-</subfield>
    <subfield code="w">(OCoLC)792755090</subfield>
    <subfield code="w">(OCoLC)792755090</subfield>
  </datafield>
  <datafield tag="852" ind1=" " ind2=" ">
    <subfield code="a">Jafet Archives and Special Collections</subfield>
    <subfield code="e">American University of Beirut, Bliss Street , Beirut, Lebanon.</subfield>
  </datafield>
  <datafield tag="880" ind1="1" ind2=" ">
    <subfield code="6">100-01/(3/r</subfield>
    <subfield code="a">قرألي، بولس</subfield>
    <subfield code="d">-1952،</subfield>
    <subfield code="e">مؤلف. </subfield>
    <subfield code="4">aut.</subfield>
  </datafield>
  <datafield tag="880" ind1="1" ind2="0">
    <subfield code="6">245-02/(3/r</subfield>
    <subfield code="a">لبنان و الدولة العثمانية في عهد فخر الدين المعني الثاني، 1590-1935 /</subfield>
    <subfield code="c">بقلم الخور أسقف بولس قرألي، مدير المجلة البطريركية ومحررها.</subfield>
  </datafield>
  <datafield tag="880" ind1=" " ind2="1">
    <subfield code="6">264-03/(3/r</subfield>
    <subfield code="a">مصر الجديدة :</subfield>
    <subfield code="b">مطبعة مصر الجديدة،</subfield>
    <subfield code="c">1952.</subfield>
  </datafield>
  <datafield tag="880" ind1=" " ind2=" ">
    <subfield code="6">300-04/(3/r</subfield>
    <subfield code="a">62 صفحة ؛</subfield>
    <subfield code="c">24 سم</subfield>
  </datafield>
  <datafield tag="880" ind1="0" ind2=" ">
    <subfield code="6">777-05/(3/r</subfield>
    <subfield code="i">علاقة جزء كل مع تجسيدة</subfield>
    <subfield code="4">http://rdaregistry.info/Elements/m/P30213:</subfield>
    <subfield code="t">المجلة البطريركية : مجلة دينية تاريخية أدبية.</subfield>
    <subfield code="d">دمشق : بطريركية أنطاكية وسائر المشرق للسريان الأرثوذكس، 1962-</subfield>
    <subfield code="w">b12819256</subfield>
    <subfield code="w">(OCoLC)792755090</subfield>
  </datafield>
  <datafield tag="907" ind1=" " ind2=" ">
    <subfield code="a">.b12771065</subfield>
    <subfield code="b">17-10-30</subfield>
    <subfield code="c">11-05-24</subfield>
  </datafield>
  <datafield tag="907" ind1=" " ind2=" ">
    <subfield code="a">.b12771065</subfield>
    <subfield code="b">15-10-15</subfield>
    <subfield code="c">11-05-24</subfield>
  </datafield>
  <datafield tag="945" ind1=" " ind2=" ">
    <subfield code="f">CA</subfield>
    <subfield code="a">956.9:K182LA:c.1</subfield>
    <subfield code="i">01066899</subfield>
    <subfield code="j">.i13351692</subfield>
    <subfield code="l">u0304</subfield>
  </datafield>
  <datafield tag="998" ind1=" " ind2=" ">
    <subfield code="a">u03</subfield>
    <subfield code="b">97-11-18</subfield>
    <subfield code="c">m</subfield>
    <subfield code="d">a</subfield>
    <subfield code="e">-</subfield>
    <subfield code="f">ara</subfield>
    <subfield code="g">ua </subfield>
    <subfield code="h">0</subfield>
    <subfield code="i">1</subfield>
  </datafield>
</record>
</collection>
